<?xml version="1.0" encoding="UTF-8"?><record xmlns="http://www.loc.gov/MARC21/slim" xmlns:cinclude="http://apache.org/cocoon/include/1.0" xmlns:zs="http://www.loc.gov/zing/srw/">
  <leader>01601cz  a2200193n  4500</leader>
  <controlfield tag="001">no2014110850</controlfield>
  <controlfield tag="003">DLC</controlfield>
  <controlfield tag="005">20141001073851.0</controlfield>
  <controlfield tag="008">140820n| azannaabn          |a ana     c</controlfield>
  <datafield tag="010" ind1=" " ind2=" ">
    <subfield code="a">no2014110850</subfield>
  </datafield>
  <datafield tag="035" ind1=" " ind2=" ">
    <subfield code="a">(OCoLC)oca09940739</subfield>
  </datafield>
  <datafield tag="040" ind1=" " ind2=" ">
    <subfield code="a">IC</subfield>
    <subfield code="b">eng</subfield>
    <subfield code="e">rda</subfield>
    <subfield code="c">IC</subfield>
    <subfield code="d">IEN</subfield>
  </datafield>
  <datafield tag="046" ind1=" " ind2=" ">
    <subfield code="s">2006-03</subfield>
  </datafield>
  <datafield tag="110" ind1="2" ind2=" ">
    <subfield code="a">South Shore Arts</subfield>
  </datafield>
  <datafield tag="370" ind1=" " ind2=" ">
    <subfield code="e">Munster (Ind.)</subfield>
    <subfield code="s">1989?</subfield>
  </datafield>
  <datafield tag="372" ind1=" " ind2=" ">
    <subfield code="a">Art, American</subfield>
    <subfield code="a">Art, Modern</subfield>
    <subfield code="2">lcsh</subfield>
  </datafield>
  <datafield tag="510" ind1="2" ind2=" ">
    <subfield code="w">r</subfield>
    <subfield code="i">Predecessor:</subfield>
    <subfield code="a">Northern Indiana Arts Association</subfield>
  </datafield>
  <datafield tag="670" ind1=" " ind2=" ">
    <subfield code="a">South Shore Arts. ... annual salon show, Catalog of the exhibition in the William J. Bachman Gallery, Center for Visual and Performing Arts, Munster, Ind., Sept. 16-Oct. 28, 2007:</subfield>
    <subfield code="b">title page (South Shore Arts)</subfield>
  </datafield>
  <datafield tag="670" ind1=" " ind2=" ">
    <subfield code="a">South Shore Arts website, viewed Aug. 20, 2014</subfield>
    <subfield code="b">About us, Our History page (South Shore Arts; "With the avowed purpose 'to stimulate interest and appreciation of art in our region', ten artists formed the Hammond District Art Association in 1936" ... " The annual exhibition begun in 1936 became known as the Salon Show in 1944, and was held under the auspices of the Painters and Sculptors League of Lake County (as the group was then calling themselves)" ... "In 1946, the group reorganized under the leadership of Edgar Hanford and renamed itself the Northern Indiana Art Patrons Association"... "In 1969, the group incorporated as a not-for-profit educational and cultural corporation, with the name changed to Northern Indiana Arts Association" ... "Northern Indiana Arts Association board of directors voted unanimously to change the organization's name to South Shore Arts in March, 2006)</subfield>
  </datafield>
</record>